<record><leader>00000cas a22000007a 4500</leader><controlfield tag="001">15151052</controlfield><controlfield tag="008">870204d19651968inudn ne      0    0eng d</controlfield><datafield ind1=" " ind2=" " tag="010"><subfield code="a">sn 87055006 </subfield></datafield><datafield ind1=" " ind2=" " tag="040"><subfield code="a">NPI</subfield><subfield code="b">eng</subfield><subfield code="c">NPI</subfield><subfield code="d">OCLCQ</subfield></datafield><datafield ind1=" " ind2=" " tag="042"><subfield code="a">msc</subfield></datafield><datafield ind1="0" ind2=" " tag="130"><subfield code="a">Leader-tribune (Marion, Ind.)</subfield></datafield><datafield ind1="1" ind2="0" tag="245"><subfield code="a">Leader-tribune.</subfield></datafield><datafield ind1="3" ind2="0" tag="246"><subfield code="a">Marion Sunday chronicle-tribune</subfield></datafield><datafield ind1=" " ind2=" " tag="260"><subfield code="a">Marion, Ind. :</subfield><subfield code="b">Federated Publications,</subfield><subfield code="c">1965-1968.</subfield></datafield><datafield ind1=" " ind2=" " tag="310"><subfield code="a">Daily (except Mon.)</subfield></datafield><datafield ind1="0" ind2=" " tag="362"><subfield code="a">Vol. 76, no. 123 (Aug. 5, 1965)-v. 79, no. 32 (Mar. 29, 1968).</subfield></datafield><datafield ind1=" " ind2=" " tag="500"><subfield code="a">On Sundays published in conjunction with the Marion chronicle as: Marion Sunday chronicle-tribune.</subfield></datafield><datafield ind1=" " ind2=" " tag="752"><subfield code="a">United States</subfield><subfield code="b">Indiana</subfield><subfield code="c">Grant</subfield><subfield code="d">Marion.</subfield></datafield><datafield ind1="0" ind2="0" tag="780"><subfield code="t">Marion leader-tribune</subfield><subfield code="w">(DLC)sn 87055004</subfield></datafield><datafield ind1="0" ind2="7" tag="785"><subfield code="t">Marion chronicle (Marion, Ind. : Daily)</subfield><subfield code="w">(DLC)sn 87055002</subfield></datafield><datafield ind1="0" ind2="7" tag="785"><subfield code="t">Chronicle tribune (Marion, Ind.)</subfield><subfield code="w">(DLC)sn 87055003</subfield></datafield></record>